<record><leader>00000cas a22000007a 4500</leader><controlfield tag="001">2624343</controlfield><controlfield tag="008">761215d1841188udeuwr ne      0    0eng  </controlfield><datafield ind1=" " ind2=" " tag="010"><subfield code="a">sn 84020401 </subfield><subfield code="z">   76642557 </subfield></datafield><datafield ind1=" " ind2=" " tag="040"><subfield code="a">DLC</subfield><subfield code="b">eng</subfield><subfield code="c">DLC</subfield><subfield code="d">NPU</subfield><subfield code="d">NPX</subfield><subfield code="d">DLC</subfield><subfield code="d">DEX</subfield><subfield code="d">OCLCQ</subfield><subfield code="d">DLC</subfield></datafield><datafield ind1=" " ind2=" " tag="042"><subfield code="a">msc</subfield></datafield><datafield ind1="0" ind2="0" tag="050"><subfield code="a">Newspaper 7269-X</subfield></datafield><datafield ind1="0" ind2="0" tag="245"><subfield code="a">Delaware weekly Republican.</subfield></datafield><datafield ind1=" " ind2=" " tag="260"><subfield code="a">Wilmington, Del. :</subfield><subfield code="b">G.W. Vernon</subfield></datafield><datafield ind1=" " ind2=" " tag="300"><subfield code="a">v. :</subfield><subfield code="b">ill. (chiefly advertisements) ;</subfield><subfield code="c">67-75 cm.</subfield></datafield><datafield ind1=" " ind2=" " tag="310"><subfield code="a">Weekly</subfield></datafield><datafield ind1="1" ind2=" " tag="362"><subfield code="a">Began in 1841?</subfield></datafield><datafield ind1=" " ind2=" " tag="580"><subfield code="a">Other editions available: Delaware Republican, and farmers', manufacturers' and mechanics' advocate, 1841-1843; Delaware Republican (Wilmington, Del.), 1843-1874; and, Daily Republican (Wilmington, Del. : 1874).</subfield></datafield><datafield ind1=" " ind2=" " tag="588"><subfield code="a">Description based on: Vol. 8, no. 42 (Apr. 30, 1847).</subfield></datafield><datafield ind1=" " ind2=" " tag="752"><subfield code="a">United States</subfield><subfield code="b">Delaware</subfield><subfield code="c">New Castle</subfield><subfield code="d">Wilmington.</subfield></datafield><datafield ind1="1" ind2=" " tag="775"><subfield code="t">Delaware Republican, and farmers', manufacturers' and mechanics' advocate</subfield><subfield code="x">2476-2741</subfield><subfield code="w">(DLC)sn 82014718</subfield><subfield code="w">(OCoLC)8787166</subfield></datafield><datafield ind1="1" ind2=" " tag="775"><subfield code="t">Delaware Republican (Wilmington, Del.)</subfield><subfield code="x">2572-0244</subfield><subfield code="w">(DLC)sn 87062253</subfield><subfield code="w">(OCoLC)16074673</subfield></datafield><datafield ind1="1" ind2=" " tag="775"><subfield code="t">Daily Republican (Wilmington, Del. : 1874)</subfield><subfield code="x">2476-2725</subfield><subfield code="w">(DLC)sn 84038114</subfield><subfield code="w">(OCoLC)11175797</subfield></datafield><datafield ind1="0" ind2="0" tag="785"><subfield code="t">Weekly Republican (Wilmington, Del.)</subfield><subfield code="w">(DLC)sn 88053057</subfield><subfield code="w">(OCoLC)18317221</subfield></datafield><datafield ind1="1" ind2=" " tag="029"><subfield code="a">AU@</subfield><subfield code="b">000025809749</subfield></datafield></record>